<?xml version="1.0" encoding="UTF-8"?><record xmlns="http://www.loc.gov/MARC21/slim" xmlns:cinclude="http://apache.org/cocoon/include/1.0" xmlns:zs="http://www.loc.gov/zing/srw/">
  <leader>01083nz  a2200253n  4500</leader>
  <controlfield tag="001">no2015040526</controlfield>
  <controlfield tag="003">DLC</controlfield>
  <controlfield tag="005">20150327073558.0</controlfield>
  <controlfield tag="008">150326n| azannaabn          |n aaa     c</controlfield>
  <datafield tag="010" ind1=" " ind2=" ">
    <subfield code="a">no2015040526</subfield>
  </datafield>
  <datafield tag="035" ind1=" " ind2=" ">
    <subfield code="a">(OCoLC)oca10123470</subfield>
  </datafield>
  <datafield tag="040" ind1=" " ind2=" ">
    <subfield code="a">NcGrE-Mu</subfield>
    <subfield code="b">eng</subfield>
    <subfield code="e">rda</subfield>
    <subfield code="c">NcGrE-Mu</subfield>
  </datafield>
  <datafield tag="046" ind1=" " ind2=" ">
    <subfield code="f">1973</subfield>
  </datafield>
  <datafield tag="100" ind1="1" ind2=" ">
    <subfield code="a">Kuhl, J.C.</subfield>
  </datafield>
  <datafield tag="370" ind1=" " ind2=" ">
    <subfield code="c">United States</subfield>
    <subfield code="e">Baltimore (Md.)</subfield>
    <subfield code="e">Richmond (Va.)</subfield>
    <subfield code="2">naf</subfield>
  </datafield>
  <datafield tag="373" ind1=" " ind2=" ">
    <subfield code="a">Virginia Commonwealth University</subfield>
    <subfield code="2">naf</subfield>
    <subfield code="s">2005</subfield>
  </datafield>
  <datafield tag="374" ind1=" " ind2=" ">
    <subfield code="a">Saxophonists</subfield>
    <subfield code="2">lcsh</subfield>
  </datafield>
  <datafield tag="374" ind1=" " ind2=" ">
    <subfield code="a">College teachers</subfield>
    <subfield code="2">lcsh</subfield>
  </datafield>
  <datafield tag="374" ind1=" " ind2=" ">
    <subfield code="a">Jazz musicians</subfield>
    <subfield code="2">lcsh</subfield>
  </datafield>
  <datafield tag="375" ind1=" " ind2=" ">
    <subfield code="a">male</subfield>
  </datafield>
  <datafield tag="670" ind1=" " ind2=" ">
    <subfield code="a">When trees speak, 2013:</subfield>
    <subfield code="b">label (J.C. Kuhl, saxophone)</subfield>
  </datafield>
  <datafield tag="670" ind1=" " ind2=" ">
    <subfield code="a">VCU Department of Music WWW site, March 26th, 2015:</subfield>
    <subfield code="b">Faculty (J.C. Kuhl; native of Baltimore; lives in Richmond; adjunct instructor of saxophone at VCU since 2005; jazz musician)</subfield>
    <subfield code="u">http://arts.vcu.edu/music/faculty_type/j-c-kuhl/</subfield>
  </datafield>
  <datafield tag="670" ind1=" " ind2=" ">
    <subfield code="a">United States Copyright Office online catalog, March 26th, 2015</subfield>
    <subfield code="b">(access point: Kuhl, J.C., 1973- )</subfield>
  </datafield>
  <datafield tag="670" ind1=" " ind2=" ">
    <subfield code="a">OCLC, March 26th, 2015</subfield>
    <subfield code="b">(access point: Kuhl, J.C. ; usage: J.C. Kuhl)</subfield>
  </datafield>
</record>